@book{stein,
	author = "William Stein",
	title = "Elementary Number Theory: Primes, Congruences, and Secrets",
	year = "2011"
}
@book{clrs,
	author = "Thomas H. Cormen; Charles E. Leiserson; Ronald L. Rivest; Clifford Stein",
	title = "Introduction to Algorithms, Third Edition",
	year = "2009"
}
@article{pollard,
	author = "J. M. Pollard",
	title = "A Monte Carlo method for factorization",
	year = "1975",
	journal = "BIT Numerical Mathematics",
	volume = "15",
	number = "3",
	pages = "331--334"
}
@book{cphb,
	author = "Antti Laaksonen",
	title = "Competitive Programmer's Handbook",
	year = "2017"
}
@online{pollardfail,
	title = "Bad numbers for Pollard-Rho algorithm",
	url = "https://math.stackexchange.com/questions/2855796/bad-numbers-for-pollard-rho-algorithm",
	addendum = "(accessed: 02.12.2018)"
}